<?xml version="1.0" encoding="UTF-8"?><collection><record><leader>09201ntm a2200601 a 4500</leader><controlfield tag="001">006491062</controlfield><controlfield tag="003">MiAaHDL</controlfield><controlfield tag="005">20190719000000.0</controlfield><controlfield tag="006">m        d        </controlfield><controlfield tag="007">cr bn ---auaua</controlfield><controlfield tag="008">090417s1744    tu            00| ||ara d</controlfield><datafield tag="035" ind1=" " ind2=" "><subfield code="a">(MiU)006491062</subfield></datafield><datafield tag="035" ind1=" " ind2=" "><subfield code="a">sdr-miu006491062</subfield></datafield><datafield tag="040" ind1=" " ind2=" "><subfield code="a">MiU</subfield><subfield code="c">MiU</subfield><subfield code="e">amremm</subfield></datafield><datafield tag="043" ind1=" " ind2=" "><subfield code="a">n-us-mi</subfield></datafield><datafield tag="100" ind1="1" ind2=" "><subfield code="6">880-01</subfield><subfield code="a">Marʻashī, ʻAbd al-Raḥīm ibn Abī Bakr.</subfield></datafield><datafield tag="245" ind1="1" ind2="3"><subfield code="6">880-03</subfield><subfield code="a">al-Muʻādil,</subfield><subfield code="f">[1157, i.e. 1744].</subfield></datafield><datafield tag="246" ind1="3" ind2=" "><subfield code="i">Edge title (tail):</subfield><subfield code="a">معادل</subfield></datafield><datafield tag="246" ind1="3" ind2=" "><subfield code="6">880-04</subfield><subfield code="a">شرح ماتقى الابحر</subfield></datafield><datafield tag="246" ind1="3" ind2=" "><subfield code="6">880-04</subfield><subfield code="a">Sharḥ Multaqá al-abḥur</subfield></datafield><datafield tag="260" ind1=" " ind2=" "><subfield code="a">[Paçan,</subfield><subfield code="c">1744]</subfield></datafield><datafield tag="300" ind1=" " ind2=" "><subfield code="a">411 leaves :</subfield><subfield code="b">paper ;</subfield><subfield code="c">217 x 163 (165 x 100) mm. bound to 220 x 177 mm.</subfield></datafield><datafield tag="500" ind1=" " ind2=" "><subfield code="a">Shelfmark: Ann Arbor, University of Michigan, Special Collections Library, Isl. Ms. 91</subfield></datafield><datafield tag="500" ind1=" " ind2=" "><subfield code="a">Origin: As appears in colophon on fol.404b, copied by Saʻd [or Suʻd ?] ibn ʻAlī ibn Aḥmad ibn ʻAlī ibn Muslim ibn Sulaymān (identified in . Copying finished ("qad awqafa ʻinān al-qalam ʻan al-sayr fī maydān al-kitābah wa-al-raqm...") between noon and early afternoon of Tuesday, beginning of Dhū al-Qaʻdah, in the year 1157 [December 1744] in a district of Pāchān [likely Paçan in Van]. Scribal verses and a note on the exemplar (a copy that had been copied from a copy of the author) appear in the copyist's hand adjacent to the colophon.</subfield></datafield><datafield tag="500" ind1=" " ind2=" "><subfield code="a">Accompanying materials: a. scrap of paper with notes, sums, and seal impressions (one dated 1301 [1883 or 4]) between fol.56-57 -- b. tinted leaf from another text between fol.365-366.</subfield></datafield><datafield tag="500" ind1=" " ind2=" "><subfield code="a">Former shelfmark: British Museum, London "No. 155. Commentary on Multaka al-abhur."</subfield></datafield><datafield tag="500" ind1=" " ind2=" "><subfield code="a">Binding: Pasteboards covered with dark red leather; Type II binding (with flap); upper and lower covers carry blind-stamped central mandorla in simple vegetal design (very worn and difficult to make out but seemingly not symmetrical) as well as blind-tooled rosettes and lines forming a panel design surrounding the central ornament; design continues on flap; sewn in heavy rose thread, two stations; traces of worked endbands (head and tailband cores and primaries) though with much loss; overall in somewhat poor condition though with sound sewing and attachment to text block, upper cover detaching via split repair, abrasion, staining, etc.; several reapirs to spine in dark brown leathers.</subfield></datafield><datafield tag="500" ind1=" " ind2=" "><subfield code="a">Support: Mainly European laid paper with roughly 7 laid lines per cm. (vertical), chain lines spaced 27-30 mm. apart (horizontal), and three crescents (tre lune) watermark (roughly 85 mm. long, perpendicular to chains, see pp.32, 64, 218, 220, etc.), quite dense and sturdy, cream in color, well-burnished; several leaves at close in a thinner European laid paper; flyleaves added at front and end of the textblock are of still a different European laid paper.</subfield></datafield><datafield tag="500" ind1=" " ind2=" "><subfield code="a">Decoration: Text rubricated; overlinings, chapter headings and section headings in red.</subfield></datafield><datafield tag="500" ind1=" " ind2=" "><subfield code="a">Script: Naskh; clear Turkish / Eastern Anatolian hand in a medium line; virtually serifless with slight effect of inclination to the left, occasional slight effect of words descending to baseline, pointing mainly in strokes rather than distinct dots, some sharp, straight descenders (rāʼ, etc.), freely ligatured with point of nūn often assimilated with bowl, elsewhere point fully encircled by bowl; many glosses in the same hand as the main text.</subfield></datafield><datafield tag="500" ind1=" " ind2=" "><subfield code="a">Layout: Written in 23 lines per page.</subfield></datafield><datafield tag="500" ind1=" " ind2=" "><subfield code="a">Collation: iv, II (4), 4 V (44), IV (52), 2 V (72), VI (84), 8 V (164), V+1 (175), 4 V (215), IV (223), 14 V (363), V-1 (372), 2 V (392), VI (404), 7 (411), i; chiefly quinons; quire signatures (numbering) in the form of "راس الكراس ٢", etc. on outer corner of the first folio of each quire beginning from the second quire and continuing through the seventeenth, thereafter marked inconsistently and without number (i.e., "راس الكراس" only); catchwords present, nearly centered under the final line of text on the verso of each folio; foliation in black ink, Hindu-Arabic numerals, begins following incipit page with "٢", skips a leaf and repeats "۵۳" on two separate leaves in error; pagination in pencil, Western numerals (referenced in cataloguing); fol.4a-5b and fol.405a-405b are blank and unmarked apart from a stray line of the table of contents and a few notes.</subfield></datafield><datafield tag="500" ind1=" " ind2=" "><subfield code="a">Colophon: "Scribal," rectangular, reads: "قد اوقف عنان القلم عن السير في ميدان الكتابة والرقم في وقت ما بين الظهر والعصر في يوم الثلثاء في اوائل ذي القعدة المحرمة من شهور سنة سبع وخمسين ومائة والف من هجرة من له السعادة والشرف صلى الله تعالى عليه وسلم الفقير العاجز الزليل المحتاج الى مغفرة ربه ورحمة العزيز الجليل اقل الاقلين علما واجل الاجلين جرما قليل الاحسان كثير العصيان اذا غاب لم يذكر واذا آب لم يعرف [؟] سعد بن علي بن احمد بن علي بن مسلم بن سليمان عفي عنه وعنهم الملك الروؤف الديان سبحانه ... في سنة ١١٥٧ كتبته في محله سنيسه [؟] صانها الله تعالى عن البليه [؟] من محلات پاچان"</subfield></datafield><datafield tag="500" ind1=" " ind2=" "><subfield code="a">Explicit: "على ما وعد بالزيادة في الخطبة ولم ازد شيئا من غيرهما اي من غير الدراية ومجمع البحرين حتى يسهل الطلب على من اشتبه عليه صحة شي مما ليس في الكتاب الاربعة"</subfield></datafield><datafield tag="500" ind1=" " ind2=" "><subfield code="a">Incipit: " الحمد لله الذي من علينا باحياء طهارة القلوب ... اما بعد فان الراجي عفو ربه الكريم ... عبد الرحيم بن ابي بكر بن سليمان المسلوى المرعشي يقول بعون الله تعالى ان الكتاب الموسوم بملتقى الابحر حري... فسميتها بالمعاذل [كذا] ... كتاب الطهارة..."</subfield></datafield><datafield tag="500" ind1=" " ind2=" "><subfield code="a">Title from opening fol.6b.</subfield></datafield><datafield tag="500" ind1=" " ind2=" "><subfield code="a">Ms. codex.</subfield></datafield><datafield tag="510" ind1="4" ind2=" "><subfield code="a">Brockelmann, C. GAL,</subfield><subfield code="c">SII, 643; II, 432</subfield></datafield><datafield tag="520" ind1="8" ind2=" "><subfield code="a">Commentary on al al-Ḥalabī's Multaqá al-abḥur, a treatise of Ḥanafī fiqh. Includes table of contents. Many notes appear preceding and following the text.</subfield></datafield><datafield tag="538" ind1=" " ind2=" "><subfield code="a">Mode of access: Internet.</subfield></datafield><datafield tag="541" ind1=" " ind2=" "><subfield code="c">Purchase ;</subfield><subfield code="a">Acquired by purchase along with Abdul Hamid Collection (funds donated by Horace Rackham).</subfield><subfield code="d">1924.</subfield></datafield><datafield tag="546" ind1=" " ind2=" "><subfield code="a">Arabic.</subfield></datafield><datafield tag="561" ind1=" " ind2=" "><subfield code="a">Bookplate of British Museum, London on inner front cover, "No. 155. Commentary on Multaka al-abhur." ; circular seal impression with figure of goat/gazelle in purple ink as well as inscription "334" in Western numerals on recto of first front flyleaf; on paper (tinted blue) pasted on fol.1a, a detailed waqf statement in the name of al-Sayyid ʻAbd Allāh Adīb (Abdullah Edip), known as Jannatʹzādah (Cennet-zade), qāḍī of Erzurum, accompanied by his seal, reads: "وقفت وقفا صحيحا شرعيا على ان لا يخرج من بيت الكتب الملتصق بداري الا لعلماء سكنوا بارضروم بكفيل مرعى اورهن قوى وانا الفقير اليه عز شانه السيد عبد الله اديب الشهير بجنت زاده القاضي بمدينة ارضروم في سنة اثنى وستين وماتين والف"; verses in hand of copyist and signed by him ("سعد بن علي رابعى زاده" i.e. Saʻd ibn ʻAlī Rābiʻīʹzādah) with statement in which he describes when he wrote the verses (as an Erzurum student, end of Jumādá II 1159 [July 1746]) appear on second front flyleaf; collation mark "بلغ" appears on fol.6a; marginal corrections found through out along with accompanying signes-de-renvoi such as the inverted caret (see fol.6a, 9a, 15b, etc.); clarification of cacographic errors found of fol.201a and 205b; notabilia marked "مطلب" etc. and found on fol.15, 26b and throughout; glosses found throughout and often marked with the source of the quotation (see fol.107b, 114a, 160a, 182a, 190b, etc.); at the head of every folio is found an invocation employing the names of God, such as "يا وهاب سبحانك يا عليم سبحانك".</subfield></datafield><datafield tag="600" ind1="1" ind2="0"><subfield code="a">Ḥalabī, Ibrāhīm ibn Muḥammad,</subfield><subfield code="d">-1549 or 1550.</subfield><subfield code="t">Multaqá al-abḥur.</subfield></datafield><datafield tag="650" ind1=" " ind2="0"><subfield code="a">Manuscripts, Arabic</subfield><subfield code="z">Michigan</subfield><subfield code="z">Ann Arbor.</subfield></datafield><datafield tag="650" ind1=" " ind2="0"><subfield code="a">Hanafites</subfield><subfield code="v">Early works to 1800.</subfield></datafield><datafield tag="650" ind1=" " ind2="0"><subfield code="a">Islamic law</subfield><subfield code="v">Early works to 1800.</subfield></datafield><datafield tag="700" ind1="0" ind2=" "><subfield code="6">880-06</subfield><subfield code="a">Saʻd ibn ʻAlī ibn Aḥmad ibn ʻAlī ibn Muslim ibn Sulaymān,</subfield><subfield code="d">flourished 1746,</subfield><subfield code="e">scribe.</subfield></datafield><datafield tag="773" ind1="0" ind2=" "><subfield code="a">Tiflis Collection.</subfield></datafield><datafield tag="880" ind1="0" ind2=" "><subfield code="6">700-06/</subfield><subfield code="a">سعد بن علي بن احمد بن علي بن مسلم بن سليمان،</subfield><subfield code="e">ناسخ.</subfield></datafield><datafield tag="880" ind1="3" ind2=" "><subfield code="6">246-04/</subfield><subfield code="a">شرح ماتقى الابحر</subfield></datafield><datafield tag="880" ind1="1" ind2="2"><subfield code="6">245-03/</subfield><subfield code="a">المعادل,</subfield><subfield code="f">[1157ه, 1744م].</subfield></datafield><datafield tag="880" ind1="1" ind2=" "><subfield code="6">100-01/</subfield><subfield code="a">مرعشي, عبد الرحيم بن أبي بكر</subfield></datafield><datafield tag="CID" ind1=" " ind2=" "><subfield code="a">006491062</subfield></datafield><datafield tag="DAT" ind1="0" ind2=" "><subfield code="a">20190719102634.0</subfield><subfield code="b">20190719000000.0</subfield></datafield><datafield tag="DAT" ind1="1" ind2=" "><subfield code="a">20190719090653.0</subfield><subfield code="b">2019-07-19T16:11:18Z</subfield></datafield><datafield tag="DAT" ind1="2" ind2=" "><subfield code="a">2015-10-10T18:00:06Z</subfield></datafield><datafield tag="CAT" ind1=" " ind2=" "><subfield code="a">SDR-MIU</subfield><subfield code="d">EX LIBRIS - ALEPH</subfield><subfield code="l">prepare.pl-004-008</subfield></datafield><datafield tag="FMT" ind1=" " ind2=" "><subfield code="a">BK</subfield></datafield><datafield tag="HOL" ind1=" " ind2=" "><subfield code="0">sdr-miu006491062</subfield><subfield code="a">MiU</subfield><subfield code="b">SDR</subfield><subfield code="c">MIU</subfield><subfield code="p">mdp.39015079124767</subfield><subfield code="s">MIU</subfield><subfield code="1">006491062</subfield></datafield><datafield tag="974" ind1=" " ind2=" "><subfield code="b">MIU</subfield><subfield code="c">MIU</subfield><subfield code="d">20190719</subfield><subfield code="s">lit-dlps-dc</subfield><subfield code="u">mdp.39015079124767</subfield><subfield code="y">1744</subfield><subfield code="r">pd</subfield><subfield code="q">bib</subfield><subfield code="t">non-US bib date1 &lt; 1896</subfield></datafield></record></collection>